@inproceedings{krizhevsky2012imagenet,
  title={Imagenet classification with deep convolutional neural networks},
  author={Krizhevsky, Alex and Sutskever, Ilya and Hinton, Geoffrey E},
  booktitle={Advances in neural information processing systems},
  pages={1097--1105},
  year={2012}
}

@inproceedings{xie2017aggregated,
  title={Aggregated residual transformations for deep neural networks},
  author={Xie, Saining and Girshick, Ross and Doll{\'a}r, Piotr and Tu, Zhuowen and He, Kaiming},
  booktitle={Proceedings of the IEEE conference on computer vision and pattern recognition},
  pages={1492--1500},
  year={2017}
}

@article{iandola2016squeezenet,
  title={SqueezeNet: AlexNet-level accuracy with 50x fewer parameters and< 0.5 MB model size},
  author={Iandola, Forrest N and Han, Song and Moskewicz, Matthew W and Ashraf, Khalid and Dally, William J and Keutzer, Kurt},
  journal={arXiv preprint arXiv:1602.07360},
  year={2016}
}

@inproceedings{chollet2017xception,
  title={Xception: Deep learning with depthwise separable convolutions},
  author={Chollet, Fran{\c{c}}ois},
  booktitle={Proceedings of the IEEE conference on computer vision and pattern recognition},
  pages={1251--1258},
  year={2017}
}

@article{howard2017mobilenets,
  title={Mobilenets: Efficient convolutional neural networks for mobile vision applications},
  author={Howard, Andrew G and Zhu, Menglong and Chen, Bo and Kalenichenko, Dmitry and Wang, Weijun and Weyand, Tobias and Andreetto, Marco and Adam, Hartwig},
  journal={arXiv preprint arXiv:1704.04861},
  year={2017}
}

@inproceedings{sandler2018mobilenetv2,
  title={Mobilenetv2: Inverted residuals and linear bottlenecks},
  author={Sandler, Mark and Howard, Andrew and Zhu, Menglong and Zhmoginov, Andrey and Chen, Liang-Chieh},
  booktitle={Proceedings of the IEEE conference on computer vision and pattern recognition},
  pages={4510--4520},
  year={2018}
}

@inproceedings{howard2019searching,
  title={Searching for mobilenetv3},
  author={Howard, Andrew and Sandler, Mark and Chu, Grace and Chen, Liang-Chieh and Chen, Bo and Tan, Mingxing and Wang, Weijun and Zhu, Yukun and Pang, Ruoming and Vasudevan, Vijay and others},
  booktitle={Proceedings of the IEEE International Conference on Computer Vision},
  pages={1314--1324},
  year={2019}
}

@inproceedings{zhang2018shufflenet,
  title={Shufflenet: An extremely efficient convolutional neural network for mobile devices},
  author={Zhang, Xiangyu and Zhou, Xinyu and Lin, Mengxiao and Sun, Jian},
  booktitle={Proceedings of the IEEE conference on computer vision and pattern recognition},
  pages={6848--6856},
  year={2018}
}

@inproceedings{ma2018shufflenet, 
  title={Shufflenet v2: Practical guidelines for efficient cnn architecture design},  
  author={Ma, Ningning and Zhang, Xiangyu and Zheng, Hai-Tao and Sun, Jian},  
  booktitle={Proceedings of the European Conference on Computer Vision (ECCV)},  
  pages={116--131},
  year={2018} 
}

@inproceedings{zoph2018learning,
  title={Learning transferable architectures for scalable image recognition},
  author={Zoph, Barret and Vasudevan, Vijay and Shlens, Jonathon and Le, Quoc V},
  booktitle={Proceedings of the IEEE conference on computer vision and pattern recognition},
  pages={8697--8710},
  year={2018}
}

@inproceedings{tan2019mnasnet,
  title={Mnasnet: Platform-aware neural architecture search for mobile},
  author={Tan, Mingxing and Chen, Bo and Pang, Ruoming and Vasudevan, Vijay and Sandler, Mark and Howard, Andrew and Le, Quoc V},
  booktitle={Proceedings of the IEEE Conference on Computer Vision and Pattern Recognition},
  pages={2820--2828},
  year={2019}
}

@article{liu2018darts,
  title={Darts: Differentiable architecture search},
  author={Liu, Hanxiao and Simonyan, Karen and Yang, Yiming},
  journal={arXiv preprint arXiv:1806.09055},
  year={2018}
}

@article{cai2018proxylessnas,
  title={Proxylessnas: Direct neural architecture search on target task and hardware},
  author={Cai, Han and Zhu, Ligeng and Han, Song},
  journal={arXiv preprint arXiv:1812.00332},
  year={2018}
}

@inproceedings{wu2019fbnet,
  title={Fbnet: Hardware-aware efficient convnet design via differentiable neural architecture search},
  author={Wu, Bichen and Dai, Xiaoliang and Zhang, Peizhao and Wang, Yanghan and Sun, Fei and Wu, Yiming and Tian, Yuandong and Vajda, Peter and Jia, Yangqing and Keutzer, Kurt},
  booktitle={Proceedings of the IEEE Conference on Computer Vision and Pattern Recognition},
  pages={10734--10742},
  year={2019}
}

@inproceedings{chen2018tvm,
  title={$\{$TVM$\}$: An automated end-to-end optimizing compiler for deep learning},
  author={Chen, Tianqi and Moreau, Thierry and Jiang, Ziheng and Zheng, Lianmin and Yan, Eddie and Shen, Haichen and Cowan, Meghan and Wang, Leyuan and Hu, Yuwei and Ceze, Luis and others},
  booktitle={13th $\{$USENIX$\}$ Symposium on Operating Systems Design and Implementation ($\{$OSDI$\}$ 18)},
  pages={578--594},
  year={2018}
}

@article{chen2014diannao,
  title={Diannao: A small-footprint high-throughput accelerator for ubiquitous machine-learning},
  author={Chen, Tianshi and Du, Zidong and Sun, Ninghui and Wang, Jia and Wu, Chengyong and Chen, Yunji and Temam, Olivier},
  journal={ACM SIGARCH Computer Architecture News},
  volume={42},
  number={1},
  pages={269--284},
  year={2014},
  publisher={ACM New York, NY, USA}
}

@article{tao2017benchip,
   title={BENCHIP: Benchmarking Intelligence Processors},
   author={Tao, Jin-Hua and Du, Zi-Dong and Guo, Qi and Lan, Hui-Ying and Zhang, Lei and Zhou, Sheng-Yuan and Liu, Cong and Liu, Hai-Feng and Tang, Shan and Rush, Allen and Chen, Willian and Liu, Shao-Li and Chen, Yun-Ji and Chen, Tian-Shi},
   year={2017},
   month={oct},
   archivePrefix={"arXiv"},
   primaryClass={cs.AI}
}

@online{deepbench,
  author = {Baidu},
  title = {Benchmarking Deep Learning operations on different hardware},
  year = 2020,
  url = {https://github.com/baidu-research/DeepBench},
  urldate = {2020}
}

@article{AdolfRRWB16,
  author    = {Robert Adolf and
               Saketh Rama and
               Brandon Reagen and
               Gu{-}Yeon Wei and
               David M. Brooks},
  title     = {Fathom: Reference Workloads for Modern Deep Learning Methods},
  journal   = {CoRR},
  volume    = {abs/1608.06581},
  year      = {2016}
}

@article{Bianco18,
  author    = {Simone Bianco and
               R{\'{e}}mi Cad{\`{e}}ne and
               Luigi Celona and
               Paolo Napoletano},
  title     = {Benchmark Analysis of Representative Deep Neural Network Architectures},
  journal   = {CoRR},
  volume    = {abs/1810.00736},
  year      = {2018}
}

@inproceedings{YingKCR0H19,
  author    = {Chris Ying and
               Aaron Klein and
               Eric Christiansen and
               Esteban Real and
               Kevin Murphy and
               Frank Hutter},
  title     = {NAS-Bench-101: Towards Reproducible Neural Architecture Search},
  booktitle = {{ICML}},
  series    = {Proceedings of Machine Learning Research},
  volume    = {97},
  pages     = {7105--7114},
  publisher = {{PMLR}},
  year      = {2019}
}

@article{Dong20,
  author    = {Xuanyi Dong and
               Yi Yang},
  title     = {NAS-Bench-201: Extending the Scope of Reproducible Neural Architecture
               Search},
  journal   = {CoRR},
  volume    = {abs/2001.00326},
  year      = {2020}
}
